<record><leader>00000cas a2200000 a 4500</leader><controlfield tag="001">36405640</controlfield><controlfield tag="008">970218c199u9999caumr ne      0    0eng c</controlfield><datafield ind1=" " ind2=" " tag="010"><subfield code="a">sn 00060548 </subfield></datafield><datafield ind1=" " ind2=" " tag="040"><subfield code="a">CDS</subfield><subfield code="b">eng</subfield><subfield code="c">CDS</subfield><subfield code="d">CNK</subfield><subfield code="d">OCLCQ</subfield><subfield code="d">OCLCF</subfield><subfield code="d">OCLCO</subfield></datafield><datafield ind1="1" ind2=" " tag="029"><subfield code="a">AU@</subfield><subfield code="b">000022106387</subfield></datafield><datafield ind1=" " ind2=" " tag="042"><subfield code="a">pcc</subfield></datafield><datafield ind1=" " ind2=" " tag="043"><subfield code="a">n-us-ca</subfield></datafield><datafield ind1="0" ind2=" " tag="130"><subfield code="a">Kalayaan (San Diego, Calif.)</subfield></datafield><datafield ind1="1" ind2="0" tag="245"><subfield code="a">Kalayaan.</subfield></datafield><datafield ind1=" " ind2=" " tag="260"><subfield code="a">San Diego, CA :</subfield><subfield code="b">Matalino Communications</subfield></datafield><datafield ind1=" " ind2=" " tag="300"><subfield code="a">v. :</subfield><subfield code="b">ill. ;</subfield><subfield code="c">35 cm.</subfield></datafield><datafield ind1=" " ind2=" " tag="310"><subfield code="a">Monthly</subfield></datafield><datafield ind1=" " ind2=" " tag="500"><subfield code="a">"Issues, ideas and information for the Filipino American community."</subfield></datafield><datafield ind1=" " ind2=" " tag="588"><subfield code="a">Description based on: Vol. 2, no. 6 (July/Aug. 1996).</subfield></datafield><datafield ind1=" " ind2="0" tag="650"><subfield code="a">Filipinos</subfield><subfield code="z">California</subfield><subfield code="v">Newspapers.</subfield></datafield><datafield ind1=" " ind2="7" tag="655"><subfield code="a">Newspapers.</subfield><subfield code="2">fast</subfield><subfield code="0">(OCoLC)fst01423814</subfield></datafield><datafield ind1=" " ind2="7" tag="650"><subfield code="a">Filipinos.</subfield><subfield code="2">fast</subfield><subfield code="0">(OCoLC)fst00924213</subfield></datafield><datafield ind1=" " ind2="7" tag="651"><subfield code="a">California.</subfield><subfield code="2">fast</subfield><subfield code="0">(OCoLC)fst01204928</subfield></datafield><datafield ind1=" " ind2=" " tag="752"><subfield code="a">United States</subfield><subfield code="b">California</subfield><subfield code="c">San Diego</subfield><subfield code="d">San Diego.</subfield></datafield></record>